@article{neurotycho,
	title= {Project Tycho \href{http://neurotycho.org/food-tracking-task}{http://neurotycho.org/food-tracking-task}},
}

@article{li2017feature,
  title={Feature selection: A data perspective},
  author={Li, Jundong and Cheng, Kewei and Wang, Suhang and Morstatter, Fred and Trevino, Robert P and Tang, Jiliang and Liu, Huan},
  journal={ACM Computing Surveys (CSUR)},
  volume={50},
  number={6},
  pages={94},
  year={2017},
  publisher={ACM}
}

@article{nicolas2012brain,
	title={Brain computer interfaces, a review},
	author={Nicolas-Alonso, Luis Fernando and Gomez-Gil, Jaime},
	journal={Sensors},
	volume={12},
	number={2},
	pages={1211--1279},
	year={2012},
	publisher={Molecular Diversity Preservation International}
}
@article{amiri2013review,
	title={A review of hybrid brain-computer interface systems},
	author={Amiri, Setare and Fazel-Rezai, Reza and Asadpour, Vahid},
	journal={Advances in Human-Computer Interaction},
	volume={2013},
	pages={1},
	year={2013},
	publisher={Hindawi Publishing Corp.}
}

@article{millan2004brain,
	title={Brain-actuated interaction},
	author={Mill{\'a}n, Jos{\'e} del R and Renkens, Fr{\'e}d{\'e}ric and Mouri{\~n}o, Josep and Gerstner, Wulfram},
	journal={Artificial Intelligence},
	volume={159},
	number={1-2},
	pages={241--259},
	year={2004},
	publisher={Elsevier}
}

@article{eliseyev2016penalized,
	title={Penalized multi-way partial least squares for smooth trajectory decoding from electrocorticographic (ECoG) recording},
	author={Eliseyev, A. and Aksenova, T.},
	journal={PloS one},
	volume={11},
	number={5},
	pages={e0154878},
	year={2016},
	publisher={Public Library of Science}
}

@article{abdi2003pls,
  title={Partial least square regression (PLS regression)},
  author={Abdi, Herv{\'e}},
  journal={Encyclopedia for research methods for the social sciences},
  volume={6},
  number={4},
  pages={792--795},
  year={2003}
}

@article{wegelin2000survey,
	title={A survey of Partial Least Squares (PLS) methods, with emphasis on the two-block case},
	author={Wegelin, Jacob A and others},
	journal={University of Washington, Department of Statistics, Tech. Rep},
	year={2000}
}

@article{xuefeng2010plsr,
  title={Hybrid artificial neural network based on BP-PLSR and its application in development of soft sensors},
  author={Xuefeng, Yan},
  journal={Chemometrics and Intelligent Laboratory Systems},
  volume={103},
  number={2},
  pages={152--159},
  year={2010}
}

@article{qin1992npls,
	title={Nonlinear PLS modeling using neural networks},
	author={Qin, S Joe and McAvoy, Thomas J},
	journal={Computers \& Chemical Engineering},
	volume={16},
	number={4},
	pages={379--391},
	year={1992}
}

@article{yan2003geneticpls,
  title={Chaos-genetic algorithms for optimizing the operating conditions based on RBF-PLS model},
  author={Yan, Xuefeng F and Chen, Dezhao Z and Hu, Shangxu X},
  journal={Computers \& Chemical Engineering},
  volume={27},
  number={10},
  pages={1393--1404},
  year={2003}
}

@article{frank1990npls,
  title={A nonlinear PLS model},
  author={Frank, Ildiko E},
  journal={Chemometrics and intelligent laboratory systems},
  volume={8},
  number={2},
  pages={109--119},
  year={1990}
}

@article{zhou2007nnpls,
  title={Artificial neural network-based transformation for nonlinear partial least-square regression with application to QSAR studies},
  author={Zhou, Yan-Ping and Jiang, Jian-Hui and Lin, Wei-Qi and Xu, Lu and Wu, Hai-Long and Shen, Guo-Li and Yu, Ru-Qin},
  journal={Talanta},
  volume={71},
  number={2},
  pages={848--853},
  year={2007}
}

@article{geladi1988pls,
  title={Notes on the history and nature of partial least squares (PLS) modelling},
  author={Geladi, Paul},
  journal={Journal of Chemometrics},
  volume={2},
  number={4},
  pages={231--246},
  year={1988}
}

@article{hoskuldsson1988plsr,
  title={PLS regression methods},
  author={H{\"o}skuldsson, Agnar},
  journal={Journal of chemometrics},
  volume={2},
  number={3},
  pages={211--228},
  year={1988}
}

@article{bulut2014nnpls,
  title={A new partial least square method based on elman neural network},
  author={Bulut, Elif and Egrioglu, Erol},
  journal={American Journal of Intelligent Systems},
  volume={4},
  number={4},
  pages={154--158},
  year={2014}
}

@article{wold1989nonlinear,
	title={Nonlinear PLS modeling},
	author={Wold, Svante and Kettaneh-Wold, Nouna and Skagerberg, Bert},
	journal={Chemometrics and Intelligent Laboratory Systems},
	volume={7},
	number={1-2},
	pages={53--65},
	year={1989},
	publisher={Elsevier}
}

@article{rosipal2006overview,
	author = {Rosipal, Roman and Kramer, Nicole},
	journal = {C. Saunders et al. (Eds.): SLSFS 2005, LNCS 3940},
	pages = {34--51},
	title = {{Overview and Recent Advances in Partial Least Squares}},
	year = {2006}
}

@inproceedings{hiden1998geneticpls,
	title={Non-Linear Partial Least Squares using Genetic},
	author={Hiden, Hugo and McKay, Ben and Willis, Mark and Montague, Gary},
	booktitle={Genetic Programming 1998: Proceedings of the Third},
	pages={128--133},
	year={1998},
	organization={Morgan Kaufmann}
}

@article{rosipal2011npls,
author = {Rosipal, Roman},
journal = {Chemoinformatics and Advanced Machine Learning Perspectives: Complex Computational Methods and Collaborative Techniques},
pages = {169--189},
title = {{Nonlinear partial least squares: An overview}},
year = {2011}
}

@article{mises1929praktische,
	title={Praktische Verfahren der Gleichungsaufl{\"o}sung.},
	author={Mises, R.V. and Pollaczek-Geiringer, Hilda},
	journal={ZAMM-Journal of Applied Mathematics and Mechanics/Zeitschrift f{\"u}r Angewandte Mathematik und Mechanik},
	volume={9},
	number={1},
	pages={58--77},
	year={1929},
	publisher={Wiley Online Library}
}

@article{geladi1986partial,
	title={Partial least-squares regression: a tutorial},
	author={Geladi, Paul and Kowalski, Bruce R.},
	journal={Analytica chimica acta},
	volume={185},
	pages={1--17},
	year={1986}
}

@article{katrutsa2015qpfs,
	title={Stress test procedure for feature selection algorithms},
	author={Katrutsa, A. and Strijov, V.},
	journal={Chemometrics and Intelligent Laboratory Systems},
	volume={142},
	pages={172--183},
	year={2015}
}

@article{millan2010combining,
	title={Combining Brain--Computer Interfaces and Assistive Technologies: State-of-the-Art and Challenges},
	author={Mill{\'a}n, Jos{\'e} del R and Rupp, R{\"u}diger and Mueller-Putz, Gernot and Murray-Smith, Roderick and Giugliemma, Claudio and Tangermann, Michael and Vidaurre, Carmen and Cincotti, Febo and Kubler, Andrea and Leeb, Robert and others},
	journal={Frontiers in Neuroscience},
	volume={4},
	pages={161},
	year={2010}
}

@article{mason2007comprehensive,
	title={A comprehensive survey of brain interface technology designs},
	author={Mason, S.G. and Bashashati, A. and Fatourechi, M. and Navarro, K.F. and Birch, G.E.},
	journal={Annals of biomedical engineering},
	volume={35},
	number={2},
	pages={137--169},
	year={2007}
}

@article{de1993simpls,
	title={SIMPLS: an alternative approach to partial least squares regression},
	author={De Jong, Sijmen},
	journal={Chemometrics and intelligent laboratory systems},
	volume={18},
	number={3},
	pages={251--263},
	year={1993}
}

@article{gasanov2017pls,
title={Creation of approximating scalogram description in a problem of movement prediction},
author={Gasanov I., Motrenko A.},
journal={Journal of Machine Learning and Data Analysis},
volume={3},
number={2},
pages={160--169},
year={2017}
}

@book{box2015time,
	title={Time series analysis: forecasting and control},
	author={Box, George E.P. and Jenkins, Gwilym M. and Reinsel, Gregory C. and Ljung, Greta M.},
	year={2015}
}

@article{zhang2003time,
	title={Time series forecasting using a hybrid ARIMA and neural network model},
	author={Zhang, G. Peter},
	journal={Neurocomputing},
	volume={50},
	pages={159--175},
	year={2003}
}